0000021092005005           0265896CODILICIOUS               GEBABEBB   09029308273 00000                                       2
12084BE42118924414334                  EUR0000000004004100241214CODELICIOUS               COMPTE PROF FORFAITAIRE            084
2100010000090445169L001        1000000000007260210920341370001105000000000007260000000000000000000100000000EUR     21092008411 0
2200010000       US000000000007260                             FTT3365803 01                                                 1 0
230001000000000011628512302                 SOMEWEBCP LLC                                                                    0 1
3100010001090415169L001        346370000FRAIS SUR OPERATION INTERNATIONALE TFI201925R20140 /CSTC                             0 1
3100010002090415169L001        346370001001SOMEWB LLC                         1 S LEAVITT ST UNIT 107 CHICAGO IL             1 0
3200010002606122335 US                                                                                                       0 1
3100010003090415169L001        346370000VOTRE REF:FTT3365803 01  NOTRE REF:TFI201925R20140 /090445169L001                    0 1
3100010004090415169L001        346370000FRAIS SUR RECETTE  EUR 260,00                                                        0 1
3100010005090415169L001        346370000FRAIS DE TRANSFERT                                    -6,00                          0 1
3100010006090415169L001        346370000TVA SUR FRAIS                                         -1,26                          0 1
3100010007090415169L001        346370000VOTRE COMPTE A ETE DEBITE DE :                        -7,26                          0 1
3100010008090415169L001        346370000REPARTITION DES FRAIS : TOUS FRAIS A VOTRE CHARGE                                    0 1
3100010009090415169L001        346370000MONTANT INITIAL : EUR 260,00                                                         0 1
3100010010090415169L001        346370000DONNEUR D'ORDRE : SOMEWB LLC                                                         0 1
3100010011090415169L001        346370000                  1 S LEAVITT ST UNIT 137 CHICAGO IL                                 0 1
3100010012090415169L001        346370000                  656112535 US                                                       0 1
3100010013090415169L001        346370000COMMUNICATION : 212/0018/05148 INVOICE PAYMENT                                       0 0
2100010014090415169L001        10000000000012602109208413701111060000000000012600000000000060000021000000000000000021092008401 0
220001001400001260                                             FTT3365803 01                                                 1 0
230001001400000011628512302                 SOMEWEBCP LLC                                                                    0 0
2100010015090445169L001        10000000000060002109208413720911060000000000060000000000000000000000000000000000000021092008411 0
220001001500006000                                             FTT3365803 01                                                 1 0
230001001500000011628512302                 SOMEWEBCP LLC                                                                    0 0
8084BE42168933414334                  EUR0000000007117945210920                                                                0
9               000025000000000007260000000000000000                                                                           2
